<record><leader>00000cas a2200000 a 4500</leader><controlfield tag="001">41402023</controlfield><controlfield tag="008">990520c19989999azuwr ne      0    0eng d</controlfield><controlfield tag="009">17702</controlfield><datafield ind1=" " ind2=" " tag="010"><subfield code="a">sn 99068126 </subfield></datafield><datafield ind1=" " ind2=" " tag="040"><subfield code="a">ANN</subfield><subfield code="b">eng</subfield><subfield code="c">ANN</subfield><subfield code="d">GPO</subfield></datafield><datafield ind1="1" ind2=" " tag="029"><subfield code="a">AU@</subfield><subfield code="b">000026104404</subfield></datafield><datafield ind1=" " ind2=" " tag="042"><subfield code="a">msc</subfield></datafield><datafield ind1=" " ind2=" " tag="043"><subfield code="a">n-us-az</subfield></datafield><datafield ind1="0" ind2=" " tag="130"><subfield code="a">Fort Huachuca scout (Fort Huachuca, Ariz. : 1998)</subfield></datafield><datafield ind1="0" ind2="4" tag="245"><subfield code="a">The Fort Huachuca scout.</subfield></datafield><datafield ind1="0" ind2="0" tag="246"><subfield code="a">Huachuca scout</subfield></datafield><datafield ind1=" " ind2=" " tag="260"><subfield code="a">Fort Huachuca, Ariz. :</subfield><subfield code="b">Public Affairs Office, U.S. Army Intelligence Center and Fort Huachuca,</subfield><subfield code="c">1998-</subfield></datafield><datafield ind1=" " ind2=" " tag="300"><subfield code="a">v. :</subfield><subfield code="b">ill.</subfield></datafield><datafield ind1=" " ind2=" " tag="310"><subfield code="a">Weekly</subfield></datafield><datafield ind1="0" ind2=" " tag="362"><subfield code="a">Vol. 44, no 21 (June 4, 1998)-</subfield></datafield><datafield ind1=" " ind2=" " tag="500"><subfield code="a">Published in the interest of Fort Huachuca personnel and their families.</subfield></datafield><datafield ind1=" " ind2=" " tag="530"><subfield code="a">Some issues also available via Internet from the Huachuca Army web site. Address as of 8/02/04: http://huachuca-www.army.mil/USAG/PAO/scout.htm; current access is available via PURL.</subfield></datafield><datafield ind1=" " ind2="0" tag="650"><subfield code="a">Fort Huachuca (Ariz.)</subfield><subfield code="v">Newspapers.</subfield></datafield><datafield ind1=" " ind2="0" tag="651"><subfield code="a">Cochise County</subfield><subfield code="v">Newspapers.</subfield></datafield><datafield ind1=" " ind2=" " tag="752"><subfield code="a">United States</subfield><subfield code="b">Arizona</subfield><subfield code="c">Cochise</subfield><subfield code="d">Fort Huachuca.</subfield></datafield><datafield ind1="1" ind2=" " tag="776"><subfield code="t">Fort Huachuca scout (Fort Huachuca, Ariz. : 1998 : (Online))</subfield><subfield code="w">(DLC)   2004231910</subfield><subfield code="w">(OCoLC)56078487</subfield></datafield><datafield ind1="0" ind2="0" tag="780"><subfield code="t">Huachuca scout</subfield><subfield code="w">(DLC)sn95060514</subfield><subfield code="w">(OCoLC)32209571</subfield></datafield><datafield ind1="4" ind2="1" tag="856"><subfield code="u">http://purl.access.gpo.gov/GPO/LPS52196</subfield></datafield><datafield ind1=" " ind2=" " tag="936"><subfield code="a">Vol. 44, no. 21 (June 4, 1998)  LIC</subfield></datafield></record>